@Mastersthesis{Birklykke2010,
  type = {Masterarbeit},
  author = {Alex Aaen Birklykke},
  title = {{High Dynamic GPS Signal Acquistion}},
  school = {Aalborg University},
  year = {2010},
}